<record><leader>00000cas a22000007a 4500</leader><controlfield tag="001">31251110</controlfield><controlfield tag="008">941010d19082006scuin ne     s0   a0eng d</controlfield><datafield ind1=" " ind2=" " tag="010"><subfield code="a">  2012218660</subfield></datafield><datafield ind1=" " ind2=" " tag="040"><subfield code="a">SUC</subfield><subfield code="b">eng</subfield><subfield code="c">SUC</subfield><subfield code="d">NYS</subfield><subfield code="d">SUC</subfield><subfield code="d">DLC</subfield><subfield code="d">SUC</subfield><subfield code="d">OCLCF</subfield></datafield><datafield ind1=" " ind2=" " tag="012"><subfield code="l">a</subfield></datafield><datafield ind1="0" ind2=" " tag="022"><subfield code="a">2167-8049</subfield><subfield code="2">1</subfield></datafield><datafield ind1=" " ind2=" " tag="042"><subfield code="a">msc</subfield><subfield code="a">nsdp</subfield></datafield><datafield ind1=" " ind2=" " tag="043"><subfield code="a">n-us-sc</subfield></datafield><datafield ind1="1" ind2="0" tag="050"><subfield code="a">ISSN RECORD</subfield></datafield><datafield ind1="1" ind2="0" tag="082"><subfield code="a">071</subfield><subfield code="2">14</subfield></datafield><datafield ind1="0" ind2=" " tag="130"><subfield code="a">Gamecock (Columbia, S.C.)</subfield></datafield><datafield ind1=" " ind2="4" tag="222"><subfield code="a">The gamecock (Columbia, S.C.)</subfield></datafield><datafield ind1="1" ind2="4" tag="245"><subfield code="a">The gamecock.</subfield></datafield><datafield ind1=" " ind2=" " tag="260"><subfield code="a">Columbia, S.C. :</subfield><subfield code="b">University of South Carolina,</subfield><subfield code="c">1908-2006.</subfield></datafield><datafield ind1=" " ind2=" " tag="300"><subfield code="a">100 v. :</subfield><subfield code="b">ill. (some col.) ;</subfield><subfield code="c">43 cm.</subfield></datafield><datafield ind1=" " ind2=" " tag="310"><subfield code="a">Three issues weekly during fall and spring semesters; nine times during the summer,</subfield><subfield code="b">May 1982-Aug. 2006</subfield></datafield><datafield ind1=" " ind2=" " tag="321"><subfield code="a">Three issues weekly during fall and spring semesters,</subfield><subfield code="b">Jan. 1908-Aug. 1981</subfield></datafield><datafield ind1=" " ind2=" " tag="321"><subfield code="a">Four issues weekly during fall and spring semesters,</subfield><subfield code="b">Sept. 1981-Apr. 1982</subfield></datafield><datafield ind1="0" ind2=" " tag="362"><subfield code="a">Vol. 1, no. 1 (Jan. 30, 1908)-v. 100, no. 10 (Aug. 18, 2006).</subfield></datafield><datafield ind1=" " ind2=" " tag="530"><subfield code="a">Also available on microfilm.</subfield></datafield><datafield ind1=" " ind2="0" tag="650"><subfield code="a">College student newspapers and periodicals</subfield><subfield code="z">South Carolina</subfield><subfield code="z">Columbia.</subfield></datafield><datafield ind1=" " ind2="0" tag="651"><subfield code="a">Columbia (S.C.)</subfield><subfield code="v">Newspapers.</subfield></datafield><datafield ind1=" " ind2="0" tag="651"><subfield code="a">Richland County (S.C.)</subfield><subfield code="v">Newspapers.</subfield></datafield><datafield ind1=" " ind2="7" tag="655"><subfield code="a">College student newspapers</subfield><subfield code="z">South Carolina</subfield><subfield code="z">Columbia</subfield><subfield code="v">Newspapers.</subfield><subfield code="2">ngl</subfield></datafield><datafield ind1=" " ind2="7" tag="655"><subfield code="a">Newspapers.</subfield><subfield code="2">fast</subfield><subfield code="0">(OCoLC)fst01423814</subfield></datafield><datafield ind1=" " ind2="7" tag="650"><subfield code="a">College student newspapers and periodicals.</subfield><subfield code="2">fast</subfield><subfield code="0">(OCoLC)fst00867966</subfield></datafield><datafield ind1=" " ind2="7" tag="651"><subfield code="a">South Carolina</subfield><subfield code="z">Columbia.</subfield><subfield code="2">fast</subfield><subfield code="0">(OCoLC)fst01206785</subfield></datafield><datafield ind1=" " ind2="7" tag="651"><subfield code="a">South Carolina</subfield><subfield code="z">Richland County.</subfield><subfield code="2">fast</subfield><subfield code="0">(OCoLC)fst01206357</subfield></datafield><datafield ind1="2" ind2=" " tag="710"><subfield code="a">University of South Carolina.</subfield></datafield><datafield ind1=" " ind2=" " tag="752"><subfield code="a">United States</subfield><subfield code="b">South Carolina</subfield><subfield code="c">Richland</subfield><subfield code="d">Columbia.</subfield></datafield><datafield ind1="0" ind2=" " tag="770"><subfield code="t">Sports illustrated on campus</subfield><subfield code="w">(OCoLC)52965106</subfield></datafield><datafield ind1="0" ind2="8" tag="777"><subfield code="i">Vols. for 1985-1986 issued with:</subfield><subfield code="t">Kickoff magazine</subfield><subfield code="w">(DLC)  2012271250</subfield><subfield code="w">(OCoLC)809853786</subfield></datafield><datafield ind1="0" ind2="0" tag="780"><subfield code="t">Daily gamecock (Columbia, S.C.)</subfield><subfield code="x">2167-8057</subfield><subfield code="w">(DLC)  2012218661</subfield><subfield code="w">(OCoLC)80019668</subfield></datafield><datafield ind1="4" ind2="1" tag="856"><subfield code="u">http://www.dailygamecock.com</subfield></datafield></record>